@article{carver1994behavioral,
  title={Behavioral inhibition, behavioral activation, and affective responses to impending reward and punishment: the BIS/BAS scales.},
  author={Carver, Charles S and White, Teri L},
  journal={Journal of personality and social psychology},
  volume={67},
  number={2},
  pages={319},
  year={1994},
  publisher={American Psychological Association}
}

@article{guitart2014action,
  title={Action versus valence in decision making},
  author={Guitart-Masip, Marc and Duzel, Emrah and Dolan, Ray and Dayan, Peter},
  journal={Trends in cognitive sciences},
  volume={18},
  number={4},
  pages={194--202},
  year={2014},
  publisher={Elsevier}
}

@article{mkrtchian2017modeling,
  title={Modeling avoidance in mood and anxiety disorders using reinforcement learning},
  author={Mkrtchian, Anahit and Aylward, Jessica and Dayan, Peter and Roiser, Jonathan P and Robinson, Oliver J},
  journal={Biological psychiatry},
  volume={82},
  number={7},
  pages={532--539},
  year={2017},
  publisher={Elsevier}
}

@article{huys2016specificity,
  title={The specificity of Pavlovian regulation is associated with recovery from depression},
  author={Huys, Quentin JM and G{\"o}lzer, Martin and Friedel, Eva and Heinz, Andreas and Cools, Roshan and Dayan, Peter and Dolan, Raymond J},
  journal={Psychological medicine},
  volume={46},
  number={5},
  pages={1027--1035},
  year={2016},
  publisher={Cambridge University Press}
}

@article{peterburs2021impact,
  title={The impact of social anxiety on feedback-based go and nogo learning},
  author={Peterburs, Jutta and Albrecht, Christine and Bellebaum, Christian},
  journal={Psychological Research},
  pages={1--15},
  year={2021},
  publisher={Springer}
}

@article{millner2019suicidal,
  title={Suicidal thoughts and behaviors are associated with an increased decision-making bias for active responses to escape aversive states.},
  author={Millner, Alexander J and den Ouden, Hanneke EM and Gershman, Samuel J and Glenn, Catherine R and Kearns, Jaclyn C and Bornstein, Aaron M and Marx, Brian P and Keane, Terence M and Nock, Matthew K},
  journal={Journal of abnormal psychology},
  volume={128},
  number={2},
  pages={106},
  year={2019},
  publisher={American Psychological Association}
}

@article{ousdal2018impact,
  title={The impact of traumatic stress on Pavlovian biases},
  author={Ousdal, Olga T and Huys, QJ and Mild{\"e}, Anne M and Craven, Alexander R and Ersland, Lars and Endestad, Tor and Melinder, Annika and Hugdahl, Kenneth and Dolan, Ray J},
  journal={Psychological medicine},
  volume={48},
  number={2},
  pages={327--336},
  year={2018},
  publisher={Cambridge University Press}
}

@article{albrecht2016reduction,
  title={Reduction of Pavlovian bias in schizophrenia: Enhanced effects in clozapine-administered patients},
  author={Albrecht, Matthew A and Waltz, James A and Cavanagh, James F and Frank, Michael J and Gold, James M},
  journal={PLoS One},
  volume={11},
  number={4},
  pages={e0152781},
  year={2016},
  publisher={Public Library of Science San Francisco, CA USA}
}

@article{montagnese2020reinforcement,
  title={Reinforcement learning as an intermediate phenotype in psychosis? Deficits sensitive to illness stage but not associated with polygenic risk of schizophrenia in the general population},
  author={Montagnese, Marcella and Knolle, Franziska and Haarsma, Joost and Griffin, Juliet D and Richards, Alex and Vertes, Petra E and Kiddle, Beatrix and Fletcher, Paul C and Jones, Peter B and Owen, Michael J and others},
  journal={Schizophrenia research},
  volume={222},
  pages={389--396},
  year={2020},
  publisher={Elsevier}
}

@article{raab2020adolescents,
  title={Adolescents exhibit reduced Pavlovian biases on instrumental learning},
  author={Raab, Hillary A and Hartley, Catherine A},
  journal={Scientific reports},
  volume={10},
  number={1},
  pages={1--11},
  year={2020},
  publisher={Springer}
}

@article{weber2022effects,
  title={The effects of induced positive and negative affect on Pavlovian-instrumental interactions},
  author={Weber, Isla and Zorowitz, Sam and Niv, Yael and Bennett, Daniel},
  journal={Cognition and Emotion},
  pages={1--18},
  year={2022},
  publisher={Taylor \& Francis}
}

@phdthesis{wonderlich2020anger,
  title={Anger and Pavlovian Bias: Integrating Laboratory Task Performance and Ecological Momentary Assessment},
  author={Wonderlich, Joseph A},
  year={2020},
  school={George Mason University}
}

@article{de2016acute,
  title={Acute stress selectively impairs learning to act},
  author={de Berker, Archy O and Tirole, Margot and Rutledge, Robb B and Cross, Gemma F and Dolan, Raymond J and Bestmann, Sven},
  journal={Scientific reports},
  volume={6},
  number={1},
  pages={1--12},
  year={2016},
  publisher={Springer}
}

@article{mkrtchian2017threat,
  title={Threat of shock and aversive inhibition: Induced anxiety modulates Pavlovian-instrumental interactions.},
  author={Mkrtchian, Anahit and Roiser, Jonathan P and Robinson, Oliver J},
  journal={Journal of Experimental Psychology: General},
  volume={146},
  number={12},
  pages={1694},
  year={2017},
  publisher={American Psychological Association}
}

@article{zorowitz2023improving,
  title={Improving the reliability of cognitive task measures: A narrative review},
  author={Zorowitz, Samuel and Niv, Yael},
  journal={Biological Psychiatry: Cognitive Neuroscience and Neuroimaging},
  year={2023},
  publisher={Elsevier}
}

@article{sailer2017gamification,
  title={How gamification motivates: An experimental study of the effects of specific game design elements on psychological need satisfaction},
  author={Sailer, Michael and Hense, Jan Ulrich and Mayr, Sarah Katharina and Mandl, Heinz},
  journal={Computers in human behavior},
  volume={69},
  pages={371--380},
  year={2017},
  publisher={Elsevier}
}

@article{litman2017turkprime,
  title={TurkPrime.com: A versatile crowdsourcing data acquisition platform for the behavioral sciences},
  author={Litman, Leib and Robinson, Jonathan and Abberbock, Tzvi},
  journal={Behavior research methods},
  volume={49},
  number={2},
  pages={433--442},
  year={2017},
  publisher={Springer}
}

@article{robinson2019tapped,
  title={Tapped out or barely tapped? Recommendations for how to harness the vast and largely unused potential of the Mechanical Turk participant pool},
  author={Robinson, Jonathan and Rosenzweig, Cheskie and Moss, Aaron J and Litman, Leib},
  journal={PloS one},
  volume={14},
  number={12},
  pages={e0226394},
  year={2019},
  publisher={Public Library of Science San Francisco, CA USA}
}

@article{moutoussis2018change,
  title={Change, stability, and instability in the Pavlovian guidance of behaviour from adolescence to young adulthood},
  author={Moutoussis, Michael and Bullmore, Edward T and Goodyer, Ian M and Fonagy, Peter and Jones, Peter B and Dolan, Raymond J and Dayan, Peter and Neuroscience in Psychiatry Network Research Consortium},
  journal={PLoS computational biology},
  volume={14},
  number={12},
  pages={e1006679},
  year={2018},
  publisher={Public Library of Science San Francisco, CA USA}
}

@article{betts2020learning,
  title={Learning in anticipation of reward and punishment: perspectives across the human lifespan},
  author={Betts, Matthew J and Richter, Anni and de Boer, Lieke and Tegelbeckers, Jana and Perosa, Valentina and Baumann, Valentin and Chowdhury, Rumana and Dolan, Ray J and Seidenbecher, Constanze and Schott, Bj{\"o}rn H and others},
  journal={Neurobiology of aging},
  volume={96},
  pages={49--57},
  year={2020},
  publisher={Elsevier}
}

@article{eisinger2020pavlovian,
  title={Pavlovian bias in Parkinsonâ€™s disease: an objective marker of impulsivity that modulates with deep brain stimulation},
  author={Eisinger, Robert S and Scott, Bonnie M and Le, Anh and Ponce, Elena M Torres and Lanese, Joseph and Hundley, Christopher and Nelson, Brawn and Ravy, Tasmeah and Lopes, Janine and Thompson, Sable and others},
  journal={Scientific Reports},
  volume={10},
  number={1},
  pages={13448},
  year={2020},
  publisher={Nature Publishing Group UK London}
}

@article{richter2014valenced,
  title={Valenced action/inhibition learning in humans is modulated by a genetic variant linked to dopamine D2 receptor expression},
  author={Richter, Anni and Guitart-Masip, Marc and Barman, Adriana and Libeau, Catherine and Behnisch, Gusalija and Czerney, Sophia and Schanze, Denny and Assmann, Anne and Klein, Marieke and D{\"u}zel, Emrah and others},
  journal={Frontiers in Systems Neuroscience},
  volume={8},
  pages={140},
  year={2014},
  publisher={Frontiers Media SA}
}

@article{richter2021motivational,
  title={Motivational learning biases are differentially modulated by genetic determinants of striatal and prefrontal dopamine function},
  author={Richter, Anni and de Boer, Lieke and Guitart-Masip, Marc and Behnisch, Gusalija and Seidenbecher, Constanze I and Schott, Bj{\"o}rn H},
  journal={Journal of Neural Transmission},
  volume={128},
  number={11},
  pages={1705--1720},
  year={2021},
  publisher={Springer}
}

@ARTICLE{Parsons2019-jw,
  title     = "Psychological Science Needs a Standard Practice of Reporting the
               Reliability of {Cognitive-Behavioral} Measurements",
  author    = "Parsons, Sam and Kruijt, Anne-Wil and Fox, Elaine",
  journal   = "Advances in Methods and Practices in Psychological Science",
  publisher = "SAGE Publications Inc",
  volume    =  2,
  number    =  4,
  pages     = "378--395",
  month     =  dec,
  year      =  2019
}

@article{gelman2014beyond,
  title={Beyond power calculations: Assessing type S (sign) and type M (magnitude) errors},
  author={Gelman, Andrew and Carlin, John},
  journal={Perspectives on Psychological Science},
  volume={9},
  number={6},
  pages={641--651},
  year={2014},
  publisher={Sage Publications Sage CA: Los Angeles, CA}
}

@article{pike2022test,
  title={Test-retest reliability of affective bias tasks},
  author={Pike, Alexandra C and Tan, Katrina and Ansari, Hoda Jaber and Wing, Michelle and Robinson, Oliver J},
  year={2022},
  publisher={PsyArXiv},
  journal={PsyArXiv},
}

@article{guitart2012go,
  title={Go and no-go learning in reward and punishment: interactions between affect and effect},
  author={Guitart-Masip, Marc and Huys, Quentin JM and Fuentemilla, Lluis and Dayan, Peter and Duzel, Emrah and Dolan, Raymond J},
  journal={Neuroimage},
  volume={62},
  number={1},
  pages={154--166},
  year={2012},
  publisher={Elsevier}
}

@article{de2015jspsych,
  title={{jsPsych}: A {JavaScript} library for creating behavioral experiments in a Web browser},
  author={De Leeuw, Joshua R},
  journal={Behavior research methods},
  volume={47},
  number={1},
  pages={1--12},
  year={2015},
  publisher={Springer}
}

@article{winkler2014permutation,
  title={Permutation inference for the general linear model},
  author={Winkler, Anderson M and Ridgway, Gerard R and Webster, Matthew A and Smith, Stephen M and Nichols, Thomas E},
  journal={Neuroimage},
  volume={92},
  pages={381--397},
  year={2014},
  publisher={Elsevier}
}

@article{carpenter2017stan,
  title={Stan: A probabilistic programming language},
  author={Carpenter, Bob and Gelman, Andrew and Hoffman, Matthew D and Lee, Daniel and Goodrich, Ben and Betancourt, Michael and Brubaker, Marcus and Guo, Jiqiang and Li, Peter and Riddell, Allen},
  journal={Journal of statistical software},
  volume={76},
  number={1},
  pages={1--32},
  year={2017}
}

@article{vehtari2017practical,
  title={Practical Bayesian model evaluation using leave-one-out cross-validation and WAIC},
  author={Vehtari, Aki and Gelman, Andrew and Gabry, Jonah},
  journal={Statistics and computing},
  volume={27},
  pages={1413--1432},
  year={2017},
  publisher={Springer}
}

@MISC{Vehtari_undated-tc,
  title        = "Cross-validation {FAQ}",
  author       = "Vehtari, Aki",
  howpublished = "\url{https://mc-stan.org/loo/articles/online-only/faq.html}",
  note         = "Accessed: 2023-2-2",
  language     = "en"
}

@article{rouder2019psychometrics,
  title={A psychometrics of individual differences in experimental tasks},
  author={Rouder, Jeffrey N and Haaf, Julia M},
  journal={Psychonomic bulletin \& review},
  volume={26},
  number={2},
  pages={452--467},
  year={2019},
  publisher={Springer}
}

@article{vidal2017bacs,
  title={BACS: The Brussels Artificial Character Sets for studies in cognitive psychology and neuroscience},
  author={Vidal, Camille and Content, Alain and Chetail, Fabienne},
  journal={Behavior Research Methods},
  volume={49},
  pages={2093--2112},
  year={2017},
  publisher={Springer}
}

@article{zorowitzPLACEHOLDER,
  title={risk paper},
  author={Zorowitz, Samuel and Quoshe, Livia and Karni, Gili and Niv, Yael},
  year={2023},
  publisher={PsyArXiv},
  journal={PsyArXiv},
}

@article{kucina2022solution,
  title={A solution to the reliability paradox for decision-conflict tasks},
  author={Kucina, Talira and Wells, Lindsay and Lewis, Ian and de Salas, Kristy and Kohl, Amelia and Palmer, Matthew and Sauer, James D and Matzke, Dora and Aidman, Eugene and Heathcote, Andrew},
  year={2022},
  publisher={PsyArXiv}
}

@article{verdejo2021unified,
  title={A unified online test battery for cognitive impulsivity reveals relationships with real-world impulsive behaviours},
  author={Verdejo-Garcia, Antonio and Tiego, Jeggan and Kakoschke, Naomi and Moskovsky, Neda and Voigt, Katharina and Anderson, Alexandra and Koutoulogenis, Julia and Lubman, Dan I and Bellgrove, Mark A},
  journal={Nature Human Behaviour},
  volume={5},
  number={11},
  pages={1562--1577},
  year={2021},
  publisher={Nature Publishing Group UK London}
}

@article{anokhin2022age,
  title={Age-related changes and longitudinal stability of individual differences in ABCD Neurocognition measures},
  author={Anokhin, Andrey P and Luciana, Monica and Banich, Marie and Barch, Deanna and Bjork, James M and Gonzalez, Marybel R and Gonzalez, Raul and Haist, Frank and Jacobus, Joanna and Lisdahl, Krista and others},
  journal={Developmental Cognitive Neuroscience},
  volume={54},
  pages={101078},
  year={2022},
  publisher={Elsevier}
}

@article{waltmann2022sufficient,
  title={Sufficient reliability of the behavioral and computational readouts of a probabilistic reversal learning task},
  author={Waltmann, Maria and Schlagenhauf, Florian and Deserno, Lorenz},
  journal={Behavior research methods},
  pages={1--22},
  year={2022},
  publisher={Springer}
}

@article{brown2020improving,
  title={Improving the reliability of computational analyses: Model-based planning and its relationship with compulsivity},
  author={Brown, Vanessa M and Chen, Jiazhou and Gillan, Claire M and Price, Rebecca B},
  journal={Biological Psychiatry: Cognitive Neuroscience and Neuroimaging},
  volume={5},
  number={6},
  pages={601--609},
  year={2020},
  publisher={Elsevier}
}

@article{hausknecht2007retesting,
  title={Retesting in selection: a meta-analysis of coaching and practice effects for tests of cognitive ability.},
  author={Hausknecht, John P and Halpert, Jane A and Di Paolo, Nicole T and Moriarty Gerrard, Meghan O},
  journal={Journal of Applied Psychology},
  volume={92},
  number={2},
  pages={373},
  year={2007},
  publisher={American Psychological Association}
}

@article{scharfen2018retest,
  title={Retest effects in cognitive ability tests: A meta-analysis},
  author={Scharfen, Jana and Peters, Judith Marie and Holling, Heinz},
  journal={Intelligence},
  volume={67},
  pages={44--66},
  year={2018},
  publisher={Elsevier}
}

@article{mclean2018towards,
  title={Towards a reliable repeated-measures beads task for assessing the jumping to conclusions bias},
  author={McLean, Benjamin F and Mattiske, Julie K and Balzan, Ryan P},
  journal={Psychiatry research},
  volume={265},
  pages={200--207},
  year={2018},
  publisher={Elsevier}
}

@article{swart2017catecholaminergic,
  title={Catecholaminergic challenge uncovers distinct Pavlovian and instrumental mechanisms of motivated (in) action},
  author={Swart, Jennifer C and Frob{\"o}se, Monja I and Cook, Jennifer L and Geurts, Dirk EM and Frank, Michael J and Cools, Roshan and Den Ouden, Hanneke EM},
  journal={Elife},
  volume={6},
  pages={e22169},
  year={2017},
  publisher={eLife Sciences Publications, Ltd}
}

@article{wittmann2008striatal,
  title={Striatal activity underlies novelty-based choice in humans},
  author={Wittmann, Bianca C and Daw, Nathaniel D and Seymour, Ben and Dolan, Raymond J},
  journal={Neuron},
  volume={58},
  number={6},
  pages={967--973},
  year={2008},
  publisher={Elsevier}
}

@article{cooper2017role,
  title={The role of psychometrics in individual differences research in cognition: A case study of the AX-CPT},
  author={Cooper, Shelly R and Gonthier, Corentin and Barch, Deanna M and Braver, Todd S},
  journal={Frontiers in psychology},
  volume={8},
  pages={1482},
  year={2017},
  publisher={Frontiers Media SA}
}

@article{arnon2020current,
  title={Do current statistical learning tasks capture stable individual differences in children? An investigation of task reliability across modality},
  author={Arnon, Inbal},
  journal={Behavior research methods},
  volume={52},
  pages={68--81},
  year={2020},
  publisher={Springer}
}

@article{chen2023effect,
  title={Effect of striatal dopamine on Pavlovian bias. A large [$^{18}$F]-DOPA PET study.},
  author={Chen, Ping and Geurts, Dirk EM and Maatta, Jessica I and van den Bosch, Ruben and Hofmans, Lieke and Papadopetraki, Danae and den Ouden, Hanneke and Cools, Roshan},
  journal={Behavioral Neuroscience},
  year={2023},
  publisher={American Psychological Association}
}

@article{ballard2019joint,
  title={Joint modeling of reaction times and choice improves parameter identifiability in reinforcement learning models},
  author={Ballard, Ian C and McClure, Samuel M},
  journal={Journal of Neuroscience Methods},
  volume={317},
  pages={37--44},
  year={2019},
  publisher={Elsevier}
}

@article{shahar2019improving,
  title={Improving the reliability of model-based decision-making estimates in the two-stage decision task with reaction-times and drift-diffusion modeling},
  author={Shahar, Nitzan and Hauser, Tobias U and Moutoussis, Michael and Moran, Rani and Keramati, Mehdi and Nspn Consortium and Dolan, Raymond J},
  journal={PLoS computational biology},
  volume={15},
  number={2},
  pages={e1006803},
  year={2019},
  publisher={Public Library of Science San Francisco, CA USA}
}

@article{haines2023classical,
  title={From Classical Methods to Generative Models: Tackling the Unreliability of Neuroscientific Measures in Mental Health Research},
  author={Haines, Nathaniel and Sullivan-Toole, Holly and Olino, Thomas},
  journal={Biological Psychiatry: Cognitive Neuroscience and Neuroimaging},
  year={2023},
  publisher={Elsevier}
}

@article{algermissen2022striatal,
  title={Striatal BOLD and midfrontal theta power express motivation for action},
  author={Algermissen, Johannes and Swart, Jennifer C and Scheeringa, Ren{\'e} and Cools, Roshan and den Ouden, Hanneke EM},
  journal={Cerebral Cortex},
  volume={32},
  number={14},
  pages={2924--2942},
  year={2022},
  publisher={Oxford University Press}
}

@article{millner2018pavlovian,
  title={Pavlovian control of escape and avoidance},
  author={Millner, Alexander J and Gershman, Samuel J and Nock, Matthew K and den Ouden, Hanneke EM},
  journal={Journal of Cognitive Neuroscience},
  volume={30},
  number={10},
  pages={1379--1390},
  year={2018},
  publisher={MIT Press One Rogers Street, Cambridge, MA 02142-1209, USA journals-info~â€¦}
}

@article{scholz2020dissociable,
  title={Dissociable effects of mood-anxiety and compulsive symptom dimensions on motivational biases in decision-making},
  author={Scholz, Vanessa and Kandroodi, Mojtaba Rostami and Algermissen, Johannes and den Ouden, Hanneke},
  journal={Biological Psychiatry},
  volume={87},
  number={9},
  pages={S382--S383},
  year={2020},
  publisher={Elsevier}
}