@article{youngstrom20137,
  title={The 7 up 7 down inventory: a 14-item measure of manic and depressive tendencies carved from the General Behavior Inventory.},
  author={Youngstrom, Eric A and Murray, Greg and Johnson, Sheri L and Findling, Robert L},
  journal={Psychological assessment},
  volume={25},
  number={4},
  pages={1377},
  year={2013},
  publisher={American Psychological Association}
}

@article{spitzer2006brief,
  title={A brief measure for assessing generalized anxiety disorder: the {GAD-7}},
  author={Spitzer, Robert L and Kroenke, Kurt and Williams, Janet BW and L{\"o}we, Bernd},
  journal={Archives of internal medicine},
  volume={166},
  number={10},
  pages={1092--1097},
  year={2006},
  publisher={American Medical Association}
}

@article{pagliaccio2016revising,
  title={Revising the {BIS/BAS Scale} to study development: Measurement invariance and normative effects of age and sex from childhood through adulthood.},
  author={Pagliaccio, David and Luking, Katherine R and Anokhin, Andrey P and Gotlib, Ian H and Hayden, Elizabeth P and Olino, Thomas M and Peng, Chun-Zi and Hajcak, Greg and Barch, Deanna M},
  journal={Psychological assessment},
  volume={28},
  number={4},
  pages={429},
  year={2016},
  publisher={American Psychological Association}
}

@article{betella2016affective,
  title={The affective slider: A digital self-assessment scale for the measurement of human emotions},
  author={Betella, Alberto and Verschure, Paul FMJ},
  journal={PloS one},
  volume={11},
  number={2},
  pages={e0148037},
  year={2016},
  publisher={Public Library of Science San Francisco, CA USA}
}

@article{henry2005short,
  title={The short-form version of the Depression Anxiety Stress Scales (DASS-21): Construct validity and normative data in a large non-clinical sample},
  author={Henry, Julie D and Crawford, John R},
  journal={British journal of clinical psychology},
  volume={44},
  number={2},
  pages={227--239},
  year={2005},
  publisher={Wiley Online Library}
}

@article{rouder2019psychometrics,
  title={A psychometrics of individual differences in experimental tasks},
  author={Rouder, Jeffrey N and Haaf, Julia M},
  journal={Psychonomic bulletin \& review},
  volume={26},
  number={2},
  pages={452--467},
  year={2019},
  publisher={Springer}
}

@article{guitart2012go,
  title={Go and no-go learning in reward and punishment: interactions between affect and effect},
  author={Guitart-Masip, Marc and Huys, Quentin JM and Fuentemilla, Lluis and Dayan, Peter and Duzel, Emrah and Dolan, Raymond J},
  journal={Neuroimage},
  volume={62},
  number={1},
  pages={154--166},
  year={2012},
  publisher={Elsevier}
}

@article{swart2017catecholaminergic,
  title={Catecholaminergic challenge uncovers distinct Pavlovian and instrumental mechanisms of motivated (in) action},
  author={Swart, Jennifer C and Frob{\"o}se, Monja I and Cook, Jennifer L and Geurts, Dirk EM and Frank, Michael J and Cools, Roshan and Den Ouden, Hanneke EM},
  journal={Elife},
  volume={6},
  pages={e22169},
  year={2017},
  publisher={eLife Sciences Publications, Ltd}
}

@article{moutoussis2018change,
  title={Change, stability, and instability in the Pavlovian guidance of behaviour from adolescence to young adulthood},
  author={Moutoussis, Michael and Bullmore, Edward T and Goodyer, Ian M and Fonagy, Peter and Jones, Peter B and Dolan, Raymond J and Dayan, Peter and Neuroscience in Psychiatry Network Research Consortium},
  journal={PLoS computational biology},
  volume={14},
  number={12},
  pages={e1006679},
  year={2018},
  publisher={Public Library of Science San Francisco, CA USA}
}

@article{mkrtchian2017modeling,
  title={Modeling avoidance in mood and anxiety disorders using reinforcement learning},
  author={Mkrtchian, Anahit and Aylward, Jessica and Dayan, Peter and Roiser, Jonathan P and Robinson, Oliver J},
  journal={Biological psychiatry},
  volume={82},
  number={7},
  pages={532--539},
  year={2017},
  publisher={Elsevier}
}

@article{carpenter2017stan,
  title={Stan: A probabilistic programming language},
  author={Carpenter, Bob and Gelman, Andrew and Hoffman, Matthew D and Lee, Daniel and Goodrich, Ben and Betancourt, Michael and Brubaker, Marcus and Guo, Jiqiang and Li, Peter and Riddell, Allen},
  journal={Journal of statistical software},
  volume={76},
  number={1},
  pages={1--32},
  year={2017}
}